 @misc{secretary_puzzle,
 title={The secretary puzzle},
 author={DataGenetics},
 url={https://datagenetics.com/blog/december32012/index.html},
 journal={Secretary Puzzle},
 publisher={DataGenetics},
 note={Pridobljeno dne 12. 3. 2022}
 }

 @misc{the_secretary_problem_explained,
 title={The Secretary Problem Explained: Dating Mathematically},
 url={https://rs.io/the-secretary-problem-explained-dating/},
 journal={The Secretary Problem Explained: Dating Mathematically },
 publisher={rs.io},
 year={2014},
 month={Mar},
 note={Pridobljeno dne 12. 3. 2022}
 }

 @misc{numberphile_2014,
 title={Mathematical way to choose a toilet - Numberphile},
 url={https://www.youtube.com/watch?v=ZWib5olGbQ0},
 journal={YouTube},
 publisher={YouTube},
 author={Numberphile},
 year={2014},
 month={Jun},
 note={Pridobljeno dne 12. 3. 2022}
 }

 @misc{numberphile_2014-2,
 title={Choosing toilets (mathematical extended ending)},
 url={https://www.youtube.com/watch?v=XIOoCKO-ybQ},
 journal={YouTube},
 publisher={YouTube},
 author={Numberphile},
 year={2014},
 month={Jun},
 note={Pridobljeno dne 12. 3. 2022}
 }
 
 @misc{wikipedia_2022,
 title={Secretary problem}, url={https://en.wikipedia.org/wiki/Secretary_problem}, journal={Wikipedia},
 publisher={Wikimedia Foundation},
 year={2022},
 month={Apr},
 note={Pridobljeno dne 12. 3. 2022}
 } 

@article{jstor_secretary_problem,
author={Thomas S. Ferguson},
title={Who Solved the Secretary Problem},
journal={Statistic Science},
volume=4,
pages={282--289},
year={1989}
}